<?xml version="1.0" encoding="UTF-8"?><collection xmlns="http://www.loc.gov/MARC21/slim"><record><leader>00599nam--2200229-u-4500</leader><controlfield tag="001">000050691</controlfield><controlfield tag="002">20161230</controlfield><controlfield tag="005">20161230201048</controlfield><controlfield tag="008">080313s1000------------r-----000-0-eng-d</controlfield><datafield ind1=" " ind2=" " tag="020"><subfield code="a">0471928054</subfield></datafield><datafield ind1=" " ind2=" " tag="040"><subfield code="a">IFIN-HH</subfield></datafield><datafield ind1=" " ind2=" " tag="080"><subfield code="a">538.9:539.2</subfield></datafield><datafield ind1="1" ind2=" " tag="100"><subfield code="a">Hook,J.R. and Hall,H.E</subfield></datafield><datafield ind1="1" ind2="0" tag="245"><subfield code="a">Solid State Physics</subfield><subfield code="c">J.R. Hook; H.E. Hall</subfield></datafield><datafield ind1=" " ind2=" " tag="250"><subfield code="a">Second Edition</subfield></datafield><datafield ind1=" " ind2=" " tag="260"><subfield code="a">New York</subfield><subfield code="b">John Wiley</subfield><subfield code="c">1974</subfield></datafield><datafield ind1=" " ind2=" " tag="300"><subfield code="a">474 p</subfield></datafield><datafield ind1=" " ind2=" " tag="504"><subfield code="a">Includes Bibliographical Reference and Index</subfield></datafield><datafield ind1=" " ind2="4" tag="650"><subfield code="a">Semiconductors</subfield></datafield><datafield ind1="1" ind2=" " tag="700"><subfield code="a">Hall, H.E</subfield></datafield><datafield ind1=" " ind2=" " tag="852"><subfield code="c">539.2</subfield></datafield><datafield ind1=" " ind2=" " tag="CAT"><subfield code="a">Sys</subfield><subfield code="c">20110120</subfield><subfield code="h">153610</subfield></datafield></record></collection>